@article{Merloni2003,
  title={A Fundamental Plane of Black Hole Activity},
  author={Merloni, A., et.al},
  journal={MNRAS},
  volume={345},
  pages={1057-1076},
  year={2003},
  }
  
  @article{Hinshaw2013,
  title={Nine-year Wilkinson Microwave Anisotropy Probe (WMAP) Observations: Cosmological Parameter Results},
  author={Hinshaw, G. et.al},
  journal={ApJ},
  volume={208},
  pages={19},
  year={2003},
  
  }
  
  @article{Vogelsberg2014,
  title={Properties of Galaxies Reproduced by Hydrodynamic Simulation},
  author={Vogelsberger, M., et.al.},
  journal={arXiv},
  volume = {1405.1418},
  year = {2014},
  }
  
  @article{Sijacki2014,
  title={The Illustris simulation: Evolving population of black holes across cosmic time},
  author={Sijacki,D., et.al.},
  journal={arXiv},
  volume = {1408.6842},
  year = {2014},
  }
  





